<collection xmlns="http://www.loc.gov/MARC21/slim">
<record>
  <leader>01055nam0a2200181 i 450 </leader>
  <controlfield tag="001">IT\ICCU\CNCE\063630</controlfield>
  <controlfield tag="005">20110531000000.0</controlfield>
  <datafield tag="012" ind1=" " ind2=" ">
    <subfield code="a">iua- orga et,&amp; eaoi (C) 1531 (Q)</subfield>
    <subfield code="2">fei</subfield>
  </datafield>
  <datafield tag="100" ind1=" " ind2=" ">
    <subfield code="a">20060109f1531        0itac0103    ba</subfield>
  </datafield>
  <datafield tag="101" ind1=" " ind2=" ">
    <subfield code="a">ITA</subfield>
  </datafield>
  <datafield tag="102" ind1=" " ind2=" ">
    <subfield code="a">IT</subfield>
  </datafield>
  <datafield tag="200" ind1="1" ind2=" ">
    <subfield code="a">Impresa del Gran Turco per mare et per terra contra portughesi, quali signoreggiano gran parte de Lindia \!! et sauicinnano \!! al sepolchro de Mahometho. Vittorie grandissime del inuittissimo re di Portugallo contra Turchi, Mori, et  Indiani, quali hanno artigliaria grossa allusanza de christiani. Descrittione de molti luoghi del Preteianni amico et confederato de Portughesi. Nomi moderni et antichi di alcune cittadi et porti de quali fa mentione Ptolomeo. Opinioni de molti dotti che la stampa de libri uenessi de India in Alamagna, donde esparsa per tutta Europa</subfield>
  </datafield>
  <datafield tag="210" ind1=" " ind2=" ">
    <subfield code="d">\1531?!</subfield>
  </datafield>
  <datafield tag="215" ind1=" " ind2=" ">
    <subfield code="a">\4! c.</subfield>
    <subfield code="d">4ʻ</subfield>
  </datafield>
  <datafield tag="300" ind1=" " ind2=" ">
    <subfield code="a">La data si ricava dal testo</subfield>
  </datafield>
  <datafield tag="712" ind1="0" ind2="2">
    <subfield code="a">s.n.</subfield>
    <subfield code="3">IT\ICCU\CNCT\000002</subfield>
    <subfield code="4">650</subfield>
  </datafield>
  <datafield tag="801" ind1=" " ind2="3">
    <subfield code="a">IT</subfield>
    <subfield code="b">ICCU</subfield>
    <subfield code="c">20201115</subfield>
  </datafield>
  <datafield tag="899" ind1=" " ind2=" ">
    <subfield code="a">Biblioteca Palatina. Parma</subfield>
    <subfield code="1">PR0072</subfield>
    <subfield code="2">PAR PA</subfield>
  </datafield>
</record>
</collection>
